@book{gameengine,
    title = "{Game Engine Architecture}",
    author = "Jason Gregory",
    series = "Third edition",
    year = "2019",
    publisher = "CRC Press"
}

@article{postprocessing,
    author = "Joey de Vries",
    title = "{Framebuffers}",
    url = "https://learnopengl.com/Advanced-OpenGL/Framebuffers"
}

@article{spheremesh,
    author = "Oscar Sebio Cajaraville",
    title = "{Four Ways to Create a Mesh for a Sphere}",
    url = "https://medium.com/game-dev-daily/four-ways-to-create-a-mesh-for-a-sphere-d7956b825db4"
}

@inbook{depthbufferprecision,
    title = "{Depth Buffer Precision}",
    url = "https://www.khronos.org/opengl/wiki/Depth_Buffer_Precision"
}

@article{atmscattering,
	title = "{Accurate Atmospheric Scattering}",
	author = "Sean O'Neil",
	url = "https://developer.nvidia.com/gpugems/gpugems2/part-ii-shading-lighting-and-shadows/chapter-16-accurate-atmospheric-scattering"
}

@online{codingatmosphere,
	title = "{Coding Adventure: Atmosphere}",
	author = "Sebastian Lague",
	url = "https://www.youtube.com/watch?v=DxfEbulyFcY"
}